@misc{vaswani2023attentionneed,
      title={Attention Is All You Need}, 
      author={Ashish Vaswani and Noam Shazeer and Niki Parmar and Jakob Uszkoreit and Llion Jones and Aidan N. Gomez and Lukasz Kaiser and Illia Polosukhin},
      year={2023},
      eprint={1706.03762},
      archivePrefix={arXiv},
      primaryClass={cs.CL},
      url={https://arxiv.org/abs/1706.03762}, 
}

@misc{youtube3blue1brown,
    title = {Playlist: Neural networks},
    author = {Grant Sanderson, 3blue1brown},
    year = {2018/2024},
    organization = {Youtube},
    url = {https://www.youtube.com/playlist?list=PLZHQObOWTQDNU6R1_67000Dx_ZCJB-3pi}},
}


@misc{oshea2015introductionconvolutionalneuralnetworks,
      title={An Introduction to Convolutional Neural Networks}, 
      author={Keiron O'Shea and Ryan Nash},
      year={2015},
      eprint={1511.08458},
      archivePrefix={arXiv},
      primaryClass={cs.NE},
      url={https://arxiv.org/abs/1511.08458}, 
}

@article{elhage2021mathematical,
   title={A Mathematical Framework for Transformer Circuits},
   author={Elhage, Nelson and Nanda, Neel and Olsson, Catherine and Henighan, Tom and Joseph, Nicholas and Mann, Ben and Askell, Amanda and Bai, Yuntao and Chen, Anna and Conerly, Tom and DasSarma, Nova and Drain, Dawn and Ganguli, Deep and Hatfield-Dodds, Zac and Hernandez, Danny and Jones, Andy and Kernion, Jackson and Lovitt, Liane and Ndousse, Kamal and Amodei, Dario and Brown, Tom and Clark, Jack and Kaplan, Jared and McCandlish, Sam and Olah, Chris},
   year={2021},
   journal={Transformer Circuits Thread},
   note={https://transformer-circuits.pub/2021/framework/index.html}
}


@misc{brown2020language,
      title={Language Models are Few-Shot Learners}, 
      author={Tom B. Brown and Benjamin Mann and Nick Ryder and Melanie Subbiah and Jared Kaplan and Prafulla Dhariwal and Arvind Neelakantan and Pranav Shyam and Girish Sastry and Amanda Askell and Sandhini Agarwal and Ariel Herbert-Voss and Gretchen Krueger and Tom Henighan and Rewon Child and Aditya Ramesh and Daniel M. Ziegler and Jeffrey Wu and Clemens Winter and Christopher Hesse and Mark Chen and Eric Sigler and Mateusz Litwin and Scott Gray and Benjamin Chess and Jack Clark and Christopher Berner and Sam McCandlish and Alec Radford and Ilya Sutskever and Dario Amodei},
      year={2020},
      eprint={2005.14165},
      archivePrefix={arXiv},
      primaryClass={cs.CL}
}

@misc{rombach2022highresolution,
      title={High-Resolution Image Synthesis with Latent Diffusion Models}, 
      author={Robin Rombach and Andreas Blattmann and Dominik Lorenz and Patrick Esser and Björn Ommer},
      year={2022},
      eprint={2112.10752},
      archivePrefix={arXiv},
      primaryClass={cs.CV}
}

@inproceedings{li2024aldm,
  title={Adversarial Supervision Makes Layout-to-Image Diffusion Models Thrive},
  author={Li, Yumeng and Keuper, Margret and Zhang, Dan and Khoreva, Anna},
  booktitle={The Twelfth International Conference on Learning Representations},
  year={2024}
}

@InProceedings{Herzog_2023_WACV,
    author    = {Herzog, Fabian and Chen, Junpeng and Teepe, Torben and Gilg, Johannes and H\"ormann, Stefan and Rigoll, Gerhard},
    title     = {Synthehicle: Multi-Vehicle Multi-Camera Tracking in Virtual Cities},
    booktitle = {Proceedings of the IEEE/CVF Winter Conference on Applications of Computer Vision (WACV) Workshops},
    month     = {January},
    year      = {2023},
    pages     = {1-11}
}


@misc{zhao2024exploring,
      title={Exploring Generative AI for Sim2Real in Driving Data Synthesis}, 
      author={Haonan Zhao and Yiting Wang and Thomas Bashford-Rogers and Valentina Donzella and Kurt Debattista},
      year={2024},
      eprint={2404.09111},
      archivePrefix={arXiv},
      primaryClass={cs.CV}
}

 @article{yolox2021,
  title={YOLOX: Exceeding YOLO Series in 2021},
  author={Ge, Zheng and Liu, Songtao and Wang, Feng and Li, Zeming and Sun, Jian},
  journal={arXiv preprint arXiv:2107.08430},
  year={2021}
}

@book{rashid2016make,
  title={Make Your Own Neural Network: Tariq Rashid},
  author={Rashid, T.},
  year={2016},
  publisher={CreateSpace Independent Publishing Platform}
}

@misc{chung2014empirical,
      title={Empirical Evaluation of Gated Recurrent Neural Networks on Sequence Modeling}, 
      author={Junyoung Chung and Caglar Gulcehre and KyungHyun Cho and Yoshua Bengio},
      year={2014},
      eprint={1412.3555},
      archivePrefix={arXiv},
      primaryClass={id='cs.NE' full_name='Neural and Evolutionary Computing' is_active=True alt_name=None in_archive='cs' is_general=False description='Covers neural networks, connectionism, genetic algorithms, artificial life, adaptive behavior. Roughly includes some material in ACM Subject Class C.1.3, I.2.6, I.5.'}
}

@article{Sherstinsky_2020,
   title={Fundamentals of Recurrent Neural Network (RNN) and Long Short-Term Memory (LSTM) network},
   volume={404},
   ISSN={0167-2789},
   url={http://dx.doi.org/10.1016/j.physd.2019.132306},
   DOI={10.1016/j.physd.2019.132306},
   journal={Physica D: Nonlinear Phenomena},
   publisher={Elsevier BV},
   author={Sherstinsky, Alex},
   year={2020},
   month=mar, pages={132306} 
}

@article{Wu_2019,
   title={$L1$ -Norm Batch Normalization for Efficient Training of Deep Neural Networks},
   volume={30},
   ISSN={2162-2388},
   url={http://dx.doi.org/10.1109/TNNLS.2018.2876179},
   DOI={10.1109/tnnls.2018.2876179},
   number={7},
   journal={IEEE Transactions on Neural Networks and Learning Systems},
   publisher={Institute of Electrical and Electronics Engineers (IEEE)},
   author={Wu, Shuang and Li, Guoqi and Deng, Lei and Liu, Liu and Wu, Dong and Xie, Yuan and Shi, Luping},
   year={2019},
   month=jul, pages={2043–2051} 
}

@misc{gholamalinezhad2020poolingmethodsdeepneural,
      title={Pooling Methods in Deep Neural Networks, a Review}, 
      author={Hossein Gholamalinezhad and Hossein Khosravi},
      year={2020},
      eprint={2009.07485},
      archivePrefix={arXiv},
      primaryClass={cs.CV},
      url={https://arxiv.org/abs/2009.07485}, 
}

@misc{udandarao2024zeroshotexponentialdatapretraining,
      title={No "Zero-Shot" Without Exponential Data: Pretraining Concept Frequency Determines Multimodal Model Performance}, 
      author={Vishaal Udandarao and Ameya Prabhu and Adhiraj Ghosh and Yash Sharma and Philip H. S. Torr and Adel Bibi and Samuel Albanie and Matthias Bethge},
      year={2024},
      eprint={2404.04125},
      archivePrefix={arXiv},
      primaryClass={cs.CV},
      url={https://arxiv.org/abs/2404.04125}, 
}

@misc{zhou2017unsupervisedlearningdepthegomotion,
      title={Unsupervised Learning of Depth and Ego-Motion from Video}, 
      author={Tinghui Zhou and Matthew Brown and Noah Snavely and David G. Lowe},
      year={2017},
      eprint={1704.07813},
      archivePrefix={arXiv},
      primaryClass={cs.CV},
      url={https://arxiv.org/abs/1704.07813}, 
}

@misc{long2015fullyconvolutionalnetworkssemantic,
      title={Fully Convolutional Networks for Semantic Segmentation}, 
      author={Jonathan Long and Evan Shelhamer and Trevor Darrell},
      year={2015},
      eprint={1411.4038},
      archivePrefix={arXiv},
      primaryClass={cs.CV},
      url={https://arxiv.org/abs/1411.4038}, 
}

@misc{badrinarayanan2015segnetdeepconvolutionalencoderdecoder,
      title={SegNet: A Deep Convolutional Encoder-Decoder Architecture for Robust Semantic Pixel-Wise Labelling}, 
      author={Vijay Badrinarayanan and Ankur Handa and Roberto Cipolla},
      year={2015},
      eprint={1505.07293},
      archivePrefix={arXiv},
      primaryClass={cs.CV},
      url={https://arxiv.org/abs/1505.07293}, 
}

@misc{ronneberger2015unetconvolutionalnetworksbiomedical,
      title={U-Net: Convolutional Networks for Biomedical Image Segmentation}, 
      author={Olaf Ronneberger and Philipp Fischer and Thomas Brox},
      year={2015},
      eprint={1505.04597},
      archivePrefix={arXiv},
      primaryClass={cs.CV},
      url={https://arxiv.org/abs/1505.04597}, 
}

@misc{esser2024scalingrectifiedflowtransformers,
      title={Scaling Rectified Flow Transformers for High-Resolution Image Synthesis}, 
      author={Patrick Esser and Sumith Kulal and Andreas Blattmann and Rahim Entezari and Jonas Müller and Harry Saini and Yam Levi and Dominik Lorenz and Axel Sauer and Frederic Boesel and Dustin Podell and Tim Dockhorn and Zion English and Kyle Lacey and Alex Goodwin and Yannik Marek and Robin Rombach},
      year={2024},
      eprint={2403.03206},
      archivePrefix={arXiv},
      primaryClass={cs.CV},
      url={https://arxiv.org/abs/2403.03206}, 
}

@misc{cordts2016cityscapesdatasetsemanticurban,
      title={The Cityscapes Dataset for Semantic Urban Scene Understanding}, 
      author={Marius Cordts and Mohamed Omran and Sebastian Ramos and Timo Rehfeld and Markus Enzweiler and Rodrigo Benenson and Uwe Franke and Stefan Roth and Bernt Schiele},
      year={2016},
      eprint={1604.01685},
      archivePrefix={arXiv},
      primaryClass={cs.CV},
      url={https://arxiv.org/abs/1604.01685}, 
}

@misc{dosovitskiy2017carlaopenurbandriving,
      title={CARLA: An Open Urban Driving Simulator}, 
      author={Alexey Dosovitskiy and German Ros and Felipe Codevilla and Antonio Lopez and Vladlen Koltun},
      year={2017},
      eprint={1711.03938},
      archivePrefix={arXiv},
      primaryClass={cs.LG},
      url={https://arxiv.org/abs/1711.03938}, 
}


@inproceedings{Franchi2022MUAD,
     title={MUAD: Multiple Uncertainties for Autonomous Driving, a benchmark for multiple uncertainty types and tasks},
     author={Franchi, Gianni and Yu, Xuanlong and Bursuc, Andrei and Tena, Angel and Kazmierczak, R{\'e}mi and Dubuisson, S{\'e}verine and Aldea, Emanuel and Filliat, David},
     booktitle={33rd British Machine Vision Conference 2022, {BMVC} 2022, London, UK, November 21-24, 2022},
     publisher={{BMVA} Press},
     year={2022},
     url={https://bmvc2022.mpi-inf.mpg.de/0398.pdf}
}

@misc{redmon2016lookonceunifiedrealtime,
      title={You Only Look Once: Unified, Real-Time Object Detection}, 
      author={Joseph Redmon and Santosh Divvala and Ross Girshick and Ali Farhadi},
      year={2016},
      eprint={1506.02640},
      archivePrefix={arXiv},
      primaryClass={cs.CV},
      url={https://arxiv.org/abs/1506.02640}, 
}

@book{zhang2023dive,
    title={Dive into Deep Learning},
    author={Zhang, Aston and Lipton, Zachary C. and Li, Mu and Smola, Alexander J.},
    publisher={Cambridge University Press},
    note={\url{https://D2L.ai}},
    year={2023}
}

@misc{karras2018progressivegrowinggansimproved,
      title={Progressive Growing of GANs for Improved Quality, Stability, and Variation}, 
      author={Tero Karras and Timo Aila and Samuli Laine and Jaakko Lehtinen},
      year={2018},
      eprint={1710.10196},
      archivePrefix={arXiv},
      primaryClass={cs.NE},
      url={https://arxiv.org/abs/1710.10196}, 
}

@misc{li2024autoregressiveimagegenerationvector,
      title={Autoregressive Image Generation without Vector Quantization}, 
      author={Tianhong Li and Yonglong Tian and He Li and Mingyang Deng and Kaiming He},
      year={2024},
      eprint={2406.11838},
      archivePrefix={arXiv},
      primaryClass={cs.CV},
      url={https://arxiv.org/abs/2406.11838}, 
}

@misc{goodfellow2014generativeadversarialnetworks,
      title={Generative Adversarial Networks}, 
      author={Ian J. Goodfellow and Jean Pouget-Abadie and Mehdi Mirza and Bing Xu and David Warde-Farley and Sherjil Ozair and Aaron Courville and Yoshua Bengio},
      year={2014},
      eprint={1406.2661},
      archivePrefix={arXiv},
      primaryClass={stat.ML},
      url={https://arxiv.org/abs/1406.2661}, 
}

@article{hochreiter1997lstm,
  author    = {Sepp Hochreiter and J{\"{u}}rgen Schmidhuber},
  title     = {Long Short-Term Memory},
  journal   = {Neural Computation},
  volume    = {9},
  number    = {8},
  pages     = {1735--1780},
  year      = {1997},
  publisher = {MIT Press},
  doi       = {10.1162/neco.1997.9.8.1735},
}

@misc{peebles2023scalablediffusionmodelstransformers,
      title={Scalable Diffusion Models with Transformers}, 
      author={William Peebles and Saining Xie},
      year={2023},
      eprint={2212.09748},
      archivePrefix={arXiv},
      primaryClass={cs.CV},
      url={https://arxiv.org/abs/2212.09748}, 
}

@misc{kingma2022autoencodingvariationalbayes,
      title={Auto-Encoding Variational Bayes}, 
      author={Diederik P Kingma and Max Welling},
      year={2022},
      eprint={1312.6114},
      archivePrefix={arXiv},
      primaryClass={stat.ML},
      url={https://arxiv.org/abs/1312.6114}, 
}

@misc{ho2022classifierfreediffusionguidance,
      title={Classifier-Free Diffusion Guidance}, 
      author={Jonathan Ho and Tim Salimans},
      year={2022},
      eprint={2207.12598},
      archivePrefix={arXiv},
      primaryClass={cs.LG},
      url={https://arxiv.org/abs/2207.12598}, 
}

@misc{dieleman2022guidance,
  author = {Dieleman, Sander},
  title = {Guidance: a cheat code for diffusion models},
  url = {https://benanne.github.io/2022/05/26/guidance.html},
  year = {2022}
}

@misc{xiao2018unifiedperceptualparsingscene,
      title={Unified Perceptual Parsing for Scene Understanding}, 
      author={Tete Xiao and Yingcheng Liu and Bolei Zhou and Yuning Jiang and Jian Sun},
      year={2018},
      eprint={1807.10221},
      archivePrefix={arXiv},
      primaryClass={cs.CV},
      url={https://arxiv.org/abs/1807.10221}, 
}

@misc{sushko2021needadversarialsupervisionsemantic,
      title={You Only Need Adversarial Supervision for Semantic Image Synthesis}, 
      author={Vadim Sushko and Edgar Schönfeld and Dan Zhang and Juergen Gall and Bernt Schiele and Anna Khoreva},
      year={2021},
      eprint={2012.04781},
      archivePrefix={arXiv},
      primaryClass={cs.CV},
      url={https://arxiv.org/abs/2012.04781}, 
}

@misc{wang2018highresolutionimagesynthesissemantic,
      title={High-Resolution Image Synthesis and Semantic Manipulation with Conditional GANs}, 
      author={Ting-Chun Wang and Ming-Yu Liu and Jun-Yan Zhu and Andrew Tao and Jan Kautz and Bryan Catanzaro},
      year={2018},
      eprint={1711.11585},
      archivePrefix={arXiv},
      primaryClass={cs.CV},
      url={https://arxiv.org/abs/1711.11585}, 
}

@book{10.5555/186897,
    author = {Gamma, Erich and Helm, Richard and Johnson, Ralph and Vlissides, John},
    title = {Design patterns: elements of reusable object-oriented software},
    year = {1995},
    isbn = {0201633612},
    publisher = {Addison-Wesley Longman Publishing Co., Inc.},
    address = {USA},
    page = {97-105}
}

@misc{zhang2023addingconditionalcontroltexttoimage,
      title={Adding Conditional Control to Text-to-Image Diffusion Models}, 
      author={Lvmin Zhang and Anyi Rao and Maneesh Agrawala},
      year={2023},
      eprint={2302.05543},
      archivePrefix={arXiv},
      primaryClass={cs.CV},
      url={https://arxiv.org/abs/2302.05543}, 
}

@article{zhou2019semantic,
  title={Semantic understanding of scenes through the ade20k dataset},
  author={Zhou, Bolei and Zhao, Hang and Puig, Xavier and Xiao, Tete and Fidler, Sanja and Barriuso, Adela and Torralba, Antonio},
  journal={International Journal of Computer Vision},
  volume={127},
  number={3},
  pages={302--321},
  year={2019},
  publisher={Springer}
}

@misc{watson2020deeplearningtechniquessuperresolution,
      title={Deep Learning Techniques for Super-Resolution in Video Games}, 
      author={Alexander Watson},
      year={2020},
      eprint={2012.09810},
      archivePrefix={arXiv},
      primaryClass={cs.NE},
      url={https://arxiv.org/abs/2012.09810}, 
}

@misc{lin2015microsoftcococommonobjects,
      title={Microsoft COCO: Common Objects in Context}, 
      author={Tsung-Yi Lin and Michael Maire and Serge Belongie and Lubomir Bourdev and Ross Girshick and James Hays and Pietro Perona and Deva Ramanan and C. Lawrence Zitnick and Piotr Dollár},
      year={2015},
      eprint={1405.0312},
      archivePrefix={arXiv},
      primaryClass={cs.CV},
      url={https://arxiv.org/abs/1405.0312}, 
}

@misc{zhang2022bytetrackmultiobjecttrackingassociating,
      title={ByteTrack: Multi-Object Tracking by Associating Every Detection Box}, 
      author={Yifu Zhang and Peize Sun and Yi Jiang and Dongdong Yu and Fucheng Weng and Zehuan Yuan and Ping Luo and Wenyu Liu and Xinggang Wang},
      year={2022},
      eprint={2110.06864},
      archivePrefix={arXiv},
      primaryClass={cs.CV},
      url={https://arxiv.org/abs/2110.06864}, 
}

@misc{liu2024sorareviewbackgroundtechnology,
      title={Sora: A Review on Background, Technology, Limitations, and Opportunities of Large Vision Models}, 
      author={Yixin Liu and Kai Zhang and Yuan Li and Zhiling Yan and Chujie Gao and Ruoxi Chen and Zhengqing Yuan and Yue Huang and Hanchi Sun and Jianfeng Gao and Lifang He and Lichao Sun},
      year={2024},
      eprint={2402.17177},
      archivePrefix={arXiv},
      primaryClass={cs.CV},
      url={https://arxiv.org/abs/2402.17177}, 
}

@misc{oord2016pixelrecurrentneuralnetworks,
      title={Pixel Recurrent Neural Networks}, 
      author={Aaron van den Oord and Nal Kalchbrenner and Koray Kavukcuoglu},
      year={2016},
      eprint={1601.06759},
      archivePrefix={arXiv},
      primaryClass={cs.CV},
      url={https://arxiv.org/abs/1601.06759}, 
}

@article{Lazer2014GoogleFlu,
  author    = {David Lazer and Ryan Kennedy and Gary King and Alessandro Vespignani},
  title     = {The Parable of Google Flu: Traps in Big Data Analysis},
  journal   = {Science},
  volume    = {343},
  number    = {6176},
  pages     = {1203--1205},
  year      = {2014},
  month     = mar,
  doi       = {10.1126/science.1248506},
  publisher = {American Association for the Advancement of Science},
}

@misc{reis2024realtimeflyingobjectdetection,
      title={Real-Time Flying Object Detection with YOLOv8}, 
      author={Dillon Reis and Jordan Kupec and Jacqueline Hong and Ahmad Daoudi},
      year={2024},
      eprint={2305.09972},
      archivePrefix={arXiv},
      primaryClass={cs.CV},
      url={https://arxiv.org/abs/2305.09972}, 
}

@misc{podell2023sdxlimprovinglatentdiffusion,
      title={SDXL: Improving Latent Diffusion Models for High-Resolution Image Synthesis}, 
      author={Dustin Podell and Zion English and Kyle Lacey and Andreas Blattmann and Tim Dockhorn and Jonas Müller and Joe Penna and Robin Rombach},
      year={2023},
      eprint={2307.01952},
      archivePrefix={arXiv},
      primaryClass={cs.CV},
      url={https://arxiv.org/abs/2307.01952}, 
}